@article{huang2018applications,
  title={Applications of support vector machine (SVM) learning in cancer genomics},
  author={Huang, Shujun and Cai, Nianguang and Pacheco, Pedro Penzuti and Narrandes, Shavira and Wang, Yang and Xu, Wayne},
  journal={Cancer genomics \& proteomics},
  volume={15},
  number={1},
  pages={41--51},
  year={2018},
  publisher={International Institute of Anticancer Research}
}

@article{cherkassky2004practical,
  title={Practical selection of SVM parameters and noise estimation for SVM regression},
  author={Cherkassky, Vladimir and Ma, Yunqian},
  journal={Neural networks},
  volume={17},
  number={1},
  pages={113--126},
  year={2004},
  publisher={Elsevier}
}

@inproceedings{chen2001one,
  title={One-class SVM for learning in image retrieval},
  author={Chen, Yunqiang and Zhou, Xiang Sean and Huang, Thomas S},
  booktitle={Proceedings 2001 international conference on image processing (Cat. No. 01CH37205)},
  volume={1},
  pages={34--37},
  year={2001},
  organization={IEEE}
}